<?xml version="1.0" encoding="UTF-8"?><collection xmlns="http://www.loc.gov/MARC21/slim"><record><leader>00430nam--2200157-i-4500</leader><controlfield tag="001">000041892</controlfield><controlfield tag="002">20161230</controlfield><controlfield tag="005">20161230201043</controlfield><controlfield tag="008">060222s1000------------r-----000-0-eng-d</controlfield><datafield ind1=" " ind2=" " tag="040"><subfield code="a">IFIN-HH</subfield></datafield><datafield ind1="1" ind2=" " tag="100"><subfield code="a">Smart,E.Howard</subfield></datafield><datafield ind1="1" ind2="0" tag="245"><subfield code="a">Advanced dynamics</subfield><subfield code="b">Vol.2:dynamics of a solid body</subfield><subfield code="c">E. Howard Smart</subfield></datafield><datafield ind1=" " ind2=" " tag="260"><subfield code="a">London, Macmillan And Co,Ltd.,1951</subfield></datafield><datafield ind1=" " ind2=" " tag="300"><subfield code="a">VIII+420 P</subfield></datafield><datafield ind1=" " ind2=" " tag="852"><subfield code="a">76407</subfield><subfield code="c">531</subfield></datafield><datafield ind1=" " ind2=" " tag="CAT"><subfield code="a">Sys</subfield><subfield code="c">20100707</subfield><subfield code="h">153118</subfield></datafield></record></collection>